@misc{wikipedia2019, title={Teorema maestro}, url={https://es.wikipedia.org/wiki/Teorema_maestro}, journal={Wikipedia}, publisher={Wikimedia Foundation}, year={2019}, month={Sep}} 


@misc{franke1999method,
  title={Method for stereo image object detection},
  author={Franke, Uwe},
  year={1999},
  month=aug # "~10",
  publisher={Google Patents},
  note={US Patent 5,937,079}
}

@article{Theorem1998,
author = {Theorem, Master},
file = {:D$\backslash$:/IEEE/Cursos/Overleaf/Master-theorem.pdf:pdf},
title = {{Master theorem}},
year = {1998}
}

@book{Cormen2001,
author = {Cormen, Thomas H and Leiserson, Charles E and Rivest, Ronald L},
file = {:D$\backslash$:/IEEE/Cursos/Overleaf/clrs.pdf:pdf},
isbn = {0262032937},
title = {{Introduction to Algorithms , Second Edition}},
volume = {7},
year = {2001}
}
